<?xml version="1.0" encoding="UTF-8"?><collection xmlns="http://www.loc.gov/MARC21/slim"><record><leader>00392nam--2200133-i-4500</leader><controlfield tag="001">000018181</controlfield><controlfield tag="002">20161230</controlfield><controlfield tag="005">20161230201032</controlfield><controlfield tag="008">060222s1000------------r-----000-0-eng-d</controlfield><datafield ind1=" " ind2=" " tag="080"><subfield code="a">621.38(038)=002=20=82</subfield></datafield><datafield ind1=" " ind2=" " tag="245"><subfield code="a">English-russian, russian-english electronics dictionary</subfield></datafield><datafield ind1=" " ind2=" " tag="260"><subfield code="a">New York, Mcgraw-hill, 1958. 943 P</subfield></datafield><datafield ind1=" " ind2=" " tag="490"><subfield code="a">Dept. Of The Army</subfield></datafield><datafield ind1=" " ind2=" " tag="852"><subfield code="a">801.323.2=20=82 801.323.2=82=20</subfield></datafield></record></collection>